<collection xmlns="http://www.loc.gov/MARC21/slim">
<record>
  <leader>01358nam0a22002891i 450 </leader>
  <controlfield tag="001">IT\ICCU\CNCE\023830</controlfield>
  <controlfield tag="005">20130311000000.0</controlfield>
  <datafield tag="012" ind1=" " ind2=" ">
    <subfield code="a">a,s, odam u-t, ueis (C) 1543 (Q)</subfield>
    <subfield code="2">fei</subfield>
  </datafield>
  <datafield tag="100" ind1=" " ind2=" ">
    <subfield code="a">19970717f1543        0itac0103    ba</subfield>
  </datafield>
  <datafield tag="101" ind1=" " ind2=" ">
    <subfield code="a">LAT</subfield>
  </datafield>
  <datafield tag="102" ind1=" " ind2=" ">
    <subfield code="a">IT</subfield>
  </datafield>
  <datafield tag="200" ind1="1" ind2=" ">
    <subfield code="a">℗Ad Paulum III Pont. Max. Augustini Steuchi Apostolici bibliothecarii, ℗De via Pauli, &amp; de fontibus inducendis in eam</subfield>
  </datafield>
  <datafield tag="210" ind1=" " ind2=" ">
    <subfield code="a">Romae</subfield>
    <subfield code="c">in aedibus Balthasaris Cartularii</subfield>
    <subfield code="d">\non dopo il 1543!</subfield>
  </datafield>
  <datafield tag="215" ind1=" " ind2=" ">
    <subfield code="a">\4! c.</subfield>
    <subfield code="d">4ʻ</subfield>
  </datafield>
  <datafield tag="300" ind1=" " ind2=" ">
    <subfield code="a">La data si ricava dall&apos;attivit ̉del tipografo</subfield>
  </datafield>
  <datafield tag="620" ind1=" " ind2=" ">
    <subfield code="a">IT</subfield>
    <subfield code="d">Roma</subfield>
  </datafield>
  <datafield tag="700" ind1=" " ind2="1">
    <subfield code="a">Steuco,</subfield>
    <subfield code="b">Agostino</subfield>
    <subfield code="3">IT\ICCU\CNCA\006936</subfield>
  </datafield>
  <datafield tag="712" ind1="0" ind2="0">
    <subfield code="a">Cartolari, Baldassarre</subfield>
    <subfield code="3">IT\ICCU\CNCT\000423</subfield>
    <subfield code="4">650</subfield>
  </datafield>
  <datafield tag="790" ind1=" " ind2="1">
    <subfield code="a">Steuchus,</subfield>
    <subfield code="b">Augustinus</subfield>
    <subfield code="3">IT\ICCU\CNCA\007250</subfield>
    <subfield code="z">Steuco, Agostino</subfield>
  </datafield>
  <datafield tag="790" ind1=" " ind2="0">
    <subfield code="a">Augustinus</subfield>
    <subfield code="c"> : Eugubinus</subfield>
    <subfield code="3">IT\ICCU\CNCA\017325</subfield>
    <subfield code="z">Steuco, Agostino</subfield>
  </datafield>
  <datafield tag="791" ind1="0" ind2="0">
    <subfield code="a">Cartularis, Balthesar de</subfield>
    <subfield code="3">IT\ICCU\CNCT\004476</subfield>
    <subfield code="z">Cartolari, Baldassarre</subfield>
  </datafield>
  <datafield tag="791" ind1="0" ind2="0">
    <subfield code="a">Cartholaio, Baldassarre</subfield>
    <subfield code="3">IT\ICCU\CNCT\004477</subfield>
    <subfield code="z">Cartolari, Baldassarre</subfield>
  </datafield>
  <datafield tag="791" ind1="0" ind2="0">
    <subfield code="a">Cartulario, Baldassarre</subfield>
    <subfield code="3">IT\ICCU\CNCT\004479</subfield>
    <subfield code="z">Cartolari, Baldassarre</subfield>
  </datafield>
  <datafield tag="791" ind1="0" ind2="0">
    <subfield code="a">Cartulari, Baldassarre de</subfield>
    <subfield code="3">IT\ICCU\CNCT\004482</subfield>
    <subfield code="z">Cartolari, Baldassarre</subfield>
  </datafield>
  <datafield tag="791" ind1="0" ind2="0">
    <subfield code="a">Cartolaro, Baldassarre de</subfield>
    <subfield code="3">IT\ICCU\CNCT\004483</subfield>
    <subfield code="z">Cartolari, Baldassarre</subfield>
  </datafield>
  <datafield tag="801" ind1=" " ind2="3">
    <subfield code="a">IT</subfield>
    <subfield code="b">ICCU</subfield>
    <subfield code="c">20201114</subfield>
  </datafield>
  <datafield tag="899" ind1=" " ind2=" ">
    <subfield code="a">Biblioteca romana. Roma</subfield>
    <subfield code="1">RM0275</subfield>
    <subfield code="2">RMR AC</subfield>
  </datafield>
</record>
</collection>
